@article{ldf,
  title = {{Triple Pattern Fragments:} a Low-cost Knowledge Graph Interface for the {Web}},
  author = {Verborgh, Ruben and Vander Sande, Miel and Hartig, Olaf and Van Herwegen, Joachim and De Vocht, Laurens and De Meester, Ben and Haesendonck, Gerald and Colpaert, Pieter},
  journal = {Journal of Web Semantics},
  month = mar,
  year = 2016,
  volume = {37--38},
  pages.bak = {184--206},
  issn = {1570-8268},
  doi = {doi:10.1016/j.websem.2016.03.003},
  url = {http://linkeddatafragments.org/publications/jws2016.pdf},
}


@inproceedings{tpfarchives,
  author = {Taelman, Ruben and Verborgh, Ruben and Mannens, Erik},
  title = {Exposing RDF Archives using {Triple Pattern Fragments}},
  booktitle = {Proceedings of the 20th International Conference on Knowledge Engineering and Knowledge Management: Posters and Demos},
  year = {2016},
  month = nov,
  url = {http://rubensworks.net/raw/publications/2016/ExposingRdfArchivesUsingTpf.pdf}
}

@inproceedings{vtpf,
  title = {Versioned Triple Pattern Fragments: A Low-cost {Linked} {Data} Interface Feature for {Web} Archives},
  author = {Taelman, Ruben and Vander Sande, Miel and Verborgh, Ruben and Mannens, Erik},
  booktitle = {Proceedings of the 3rd Workshop on Managing the Evolution and Preservation of the Data Web},
  year = {2017},
  month = may,
  url = {http://rubensworks.net/raw/publications/2017/vtpf.pdf}
}

@TechReport{spec:sparqllang,
  title={SPARQL 1.1 Query Language},
  author={Harris, Steve and Seaborne, Andy and Prud'hommeaux, Eric},
  type        = "Recommendation",
  institution = "W3C",
  month=mar,
  year={2013},
  url={http://www.w3.org/TR/2013/REC-sparql11-query-20130321/}
}

@TechReport{spec:sparqlprot,
  title={SPARQL 1.1 Protocol},
  author={Feigenbaum, Lee and Todd Williams, Gregory and Grant Clark, Kendall and Torres, Elias},
  type        = "Rec.",
  institution = "W3C",
  month=mar,
  year={2013},
  url={http://www.w3.org/TR/2013/REC-sparql11-protocol-20130321/}
}

@TechReport{spec:rdf,
  title={RDF 1.1: Concepts and Abstract Syntax},
  type        = "Recommendation",
  institution = "W3C",
  author={Cyganiak, Richard and Wood, David and Lanthaler, Markus},
  month=feb,
  year=2014,
  url={http://www.w3.org/TR/2014/REC-rdf11-concepts-20140225/}
}

@article{linkeddata,
  title={{Linked Data} - the story so far},
  author={Bizer, Christian and Heath, Tom and Berners-Lee, Tim},
  journal={Semantic Services, Interoperability and Web Applications: Emerging Concepts},
  pages.bak={205--227},
  year={2009}
}

@article{datasetdynamics,
  title={Towards dataset dynamics: Change frequency of {Linked Open Data} sources},
  author={Umbrich, J{\"u}rgen and Decker, Stefan and Hausenblas, Michael and Polleres, Axel and Hogan, Aidan},
  journal={3rd International Workshop on Linked Data on the Web ({\textsc LDOW})},
  year={2010},
  publisher.bak={CEUR}
}

@inproceedings{archiving,
  title={Towards efficient archiving of Dynamic {Linked Open Data}},
  author={Fern{\'a}ndez, Javier D and Polleres, Axel and Umbrich, J{\"u}rgen},
  booktitle={Proceedings of \textsc{diachron}},
  pages.bak={34--49},
  year={2015}
}

@article{diachronql,
  title={A Query Language for Multi-version Data {Web} Archives},
  author={Meimaris, Marios and Papastefanatos, George and Viglas, Stratis and Stavrakas, Yannis and Pateritsas, Christos and Anagnostopoulos, Ioannis},
  journal={Expert Systems},
  volume={33},
  number={4},
  pages={383--404},
  year={2016},
  publisher={Wiley Online Library}
}

@inproceedings{bear,
  title={Evaluating Query and Storage Strategies for RDF Archives},
  author={Fern{\'a}ndez, Javier D and Umbrich, J{\"u}rgen and Polleres, Axel and Knuth, Magnus},
  booktitle={Proceedings of the 12th International Conference on Semantic Systems},
  pages.bak={41--48},
  year={2016},
  organization={ACM}
}

@inproceedings{hydra,
  title={Hydra: A Vocabulary for Hypermedia-Driven {Web} \apis},
  author={Markus Lanthaler and Christian G\"utl},
  booktitle={Proceedings of the 6\textsuperscript{th}~Workshop on Linked Data on the Web},
  month=may,
  year=2013,
  url={http://ceur-ws.org/Vol-996/papers/ldow2013-paper-03.pdf},
}

@article{memento,
  title={Memento: Time travel for the {Web}},
  author={Van de Sompel, Herbert and Nelson, Michael L and Sanderson, Robert and Balakireva, Lyudmila L and Ainsworth, Scott and Shankar, Harihar},
  journal={arXiv preprint arXiv:0911.1112},
  year={2009}
}

@online{mementoldf,
  author = {Ruben Verborgh},
  title = {Querying history with {Linked} {Data}},
  year = 2016,
  url = {http://ruben.verborgh.org/blog/2016/06/22/querying-history-with-linked-data/},
  urldate = {2016-06-22}
}

@misc{changesetvocabulary,
  title={Changeset vocabulary},
  author={Tunnicliffe, Sam and Davis, Ian},
  year={2005},
  url={http://vocab.org/changeset/}
}

@article{deltaontology,
  title={Delta: an ontology for the distribution of differences between RDF graphs},
  author={Berners-Lee, Tim and Connolly, Dan},
  journal={World Wide Web, http://www.w3.org/DesignIssues/Diff},
  volume={4},
  number={3},
  pages={4--3},
  year={2004}
}

@inproceedings{tsparql,
  title={\tsparql: A {TSQL2}-like Temporal Query Language for RDF.},
  author={Grandi, Fabio},
  booktitle={ADBIS (Local Proceedings)},
  pages={21--30},
  year={2010},
  organization={Citeseer}
}

@incollection{sparqlst,
  title={SPARQLst: Extending SPARQL to support spatiotemporal queries},
  author={Perry, Matthew and Jain, Prateek and Sheth, Amit P},
  booktitle={Geospatial semantics and the semantic web},
  pages={61--86},
  year={2011},
  publisher={Springer}
}

@incollection{dbpedia,
  title={{DBpedia}: A nucleus for a {Web} of open data},
  author={Auer, S{\"o}ren and Bizer, Christian and Kobilarov, Georgi and Lehmann, Jens and Cyganiak, Richard and Ives, Zachary},
  booktitle={The semantic web},
  pages={722--735},
  year={2007},
  publisher={Springer}
}

@article{WebApiEcosystem,
  author = {Ruben Verborgh and Michel Dumontier},
  title = {A {Web API} ecosystem through feature-based reuse},
  year = {2016},
  url = {http://arxiv.org/abs/1609.07108},
  note = {Under submission},
}

@online{HypertextDriven,
	author = {Roy Thomas Fielding},
	title = {\textsc{rest api}s must be hypertext-driven},
	refhowpublished = {Untangled -- Musings of Roy T. Fielding},
	year = 2008,
	month = Oct,
	url = {http://roy.gbiv.com/untangled/2008/rest-apis-must-be-hypertext-driven},
}

@inproceedings{vanherwegen_iswc_2015,
  author = {Van Herwegen, Joachim and De Vocht, Laurens and Verborgh, Ruben and Mannens, Erik and Van de Walle, Rik},
  title = {Substring Filtering for Low-Cost {Linked Data} Interfaces},
  booktitle = {The Semantic Web -- ISWC 2015},
  editor.bak = {Arenas, Marcelo and Corcho, Oscar and Simperl, Elena and Strohmaier, Markus and d'Aquin, Mathieu and Srinivas, Kavitha and Groth, Paul and Dumontier, Michel and Heflin, Jeff and Thirunarayan, Krishnaprasad and Staab, Steffen},
  publisher = {Springer},
  series = {Lecture Notes in Computer Science},
  volume = 9366,
  pages = {128--143},
  year = 2015,
  month = oct,
  url = {http://linkeddatafragments.org/publications/iswc2015-substring.pdf},
}

@inproceedings{vandersande_iswc_2015,
  author = {Vander Sande, Miel and Verborgh, Ruben and Van Herwegen, Joachim and Mannens, Erik and Van de Walle, Rik},
  title = {Opportunistic {Linked Data} Querying through Approximate Membership Metadata},
  booktitle = {The Semantic Web -- ISWC 2015},
  editor.bak = {Arenas, Marcelo and Corcho, Oscar and Simperl, Elena and Strohmaier, Markus and d'Aquin, Mathieu and Srinivas, Kavitha and Groth, Paul and Dumontier, Michel and Heflin, Jeff and Thirunarayan, Krishnaprasad and Staab, Steffen},
  publisher = {Springer},
  series = {Lecture Notes in Computer Science},
  volume = 9366,
  pages = {92--110},
  year = 2015,
  month = oct,
  url = {http://linkeddatafragments.org/publications/iswc2015-amf.pdf},
}

@article{rdf3x,
  title={RDF-3X: a RISC-style engine for RDF},
  author={Neumann, Thomas and Weikum, Gerhard},
  journal={Proceedings of the VLDB Endowment},
  volume={1},
  number={1},
  pages={647--659},
  year={2008},
  publisher={VLDB Endowment}
}

@article{hdt,
  title={Binary RDF representation for publication and exchange (HDT)},
  author={Fern{\'a}ndez, Javier D and Mart{\'\i}nez-Prieto, Miguel A and Guti{\'e}rrez, Claudio and Polleres, Axel and Arias, Mario},
  journal={Web Semantics: Science, Services and Agents on the World Wide Web},
  volume={19},
  pages={22--41},
  year={2013},
  publisher={Elsevier}
}

@article{triplebit,
  title={TripleBit: a fast and compact system for large scale RDF data},
  author={Yuan, Pingpeng and Liu, Pu and Wu, Buwen and Jin, Hai and Zhang, Wenya and Liu, Ling},
  journal={Proceedings of the VLDB Endowment},
  volume={6},
  number={7},
  pages={517--528},
  year={2013},
  publisher={VLDB Endowment}
}

@article{hexastore,
  title={Hexastore: sextuple indexing for semantic web data management},
  author={Weiss, Cathrin and Karras, Panagiotis and Bernstein, Abraham},
  journal={Proceedings of the VLDB Endowment},
  volume={1},
  number={1},
  pages={1008--1019},
  year={2008},
  publisher={VLDB Endowment}
}

@inproceedings{semversion,
  title={Semversion: A versioning system for RDF and ontologies},
  author={Volkel, Max and Winkler, Wolf and Sure, York and Kruk, S Ryszard and Synak, Marcin},
  booktitle={Proc. of ESWC},
  year={2005}
}

@article{vcrdf,
  title={Version Control for RDF Triple Stores.},
  author={Cassidy, Steve and Ballantine, James},
  journal={ICSOFT (ISDM/EHST/DC)},
  volume={7},
  pages={5--12},
  year={2007}
}

@article{vmrdf,
  title={A version management framework for RDF triple stores},
  author={Im, Dong-Hyuk and Lee, Sang-Won and Kim, Hyoung-Joo},
  journal={International Journal of Software Engineering and Knowledge Engineering},
  volume={22},
  number={01},
  pages={85--106},
  year={2012},
  publisher={World Scientific}
}

@inproceedings{rwbase,
  title={R\&Wbase: git for triples.},
  author={Vander Sande, Miel and Colpaert, Pieter and Verborgh, Ruben and Coppens, Sam and Mannens, Erik and Van de Walle, Rik},
  booktitle={LDOW},
  year={2013}
}

@inproceedings{r43ples,
  title={R43ples: Revisions for triples},
  author={Graube, Markus and Hensel, Stephan and Urbas, Leon},
  booktitle={Proceedings of the 1st Workshop on Linked Data Quality co-located with 10th International Conference on Semantic Systems (SEMANTiCS 2014)},
  year={2014}
}

@inproceedings{vcld,
  title={Scalable Semantic Version Control for Linked Data Management.},
  author={Hauptmann, Claudius and Brocco, Michele and W{\"o}rndl, Wolfgang},
  booktitle={LDQ@ ESWC},
  year={2015}
}

@article{xrdf3x,
  title={x-RDF-3X: fast querying, high update rates, and consistency for RDF databases},
  author={Neumann, Thomas and Weikum, Gerhard},
  journal={Proceedings of the VLDB Endowment},
  volume={3},
  number={1-2},
  pages={256--263},
  year={2010},
  publisher={VLDB Endowment}
}

@inproceedings{tailr,
  title={TailR: a platform for preserving history on the web of data},
  author={Meinhardt, Paul and Knuth, Magnus and Sack, Harald},
  booktitle={Proceedings of the 11th International Conference on Semantic Systems},
  pages={57--64},
  year={2015},
  organization={ACM}
}

@article{git,
  title={Git: Fast version control system},
  author={Torvalds, Linus and Hamano, Junio},
  journal={URL http://git-scm. com},
  year={2010}
}

@inproceedings{selfindexingarchives,
  title={Self-indexing RDF archives},
  author={Cerdeira-Pena, Ana and Farina, Antonio and Fern{\'a}ndez, Javier D and Mart{\'\i}nez-Prieto, Miguel A},
  booktitle={Data Compression Conference (DCC), 2016},
  pages={526--535},
  year={2016},
  organization={IEEE}
}